@ARTICLE{eldridge17,
       author = {{Eldridge}, J.~J. and {Stanway}, E.~R. and {Xiao}, L. and {McClelland
        }, L.~A.~S. and {Taylor}, G. and {Ng}, M. and {Greis}, S.~M.~L. and
         {Bray}, J.~C.},
        title = "{Binary Population and Spectral Synthesis Version 2.1: Construction, Observational Verification, and New Results}",
      journal = {\pasa},
     keywords = {binaries: general, galaxies: evolution, galaxies: stellar content, methods: numerical, stars: evolution, stars: statistics, Astrophysics - Solar and Stellar Astrophysics, Astrophysics - Astrophysics of Galaxies},
         year = "2017",
        month = "Nov",
       volume = {34},
          eid = {e058},
        pages = {e058},
          doi = {10.1017/pasa.2017.51},
archivePrefix = {arXiv},
       eprint = {1710.02154},
 primaryClass = {astro-ph.SR},
       adsurl = {https://ui.adsabs.harvard.edu/abs/2017PASA...34...58E},
      adsnote = {Provided by the SAO/NASA Astrophysics Data System}
}

@ARTICLE{sana12,
   author = {{Sana}, H. and {de Mink}, S.~E. and {de Koter}, A. and {Langer}, N. and 
	{Evans}, C.~J. and {Gieles}, M. and {Gosset}, E. and {Izzard}, R.~G. and 
	{Le Bouquin}, J.-B. and {Schneider}, F.~R.~N.},
    title = "{Binary Interaction Dominates the Evolution of Massive Stars}",
  journal = {Science},
archivePrefix = "arXiv",
   eprint = {1207.6397},
 primaryClass = "astro-ph.SR",
     year = 2012,
    month = jul,
   volume = 337,
    pages = {444},
      doi = {10.1126/science.1223344},
   adsurl = {http://adsabs.harvard.edu/abs/2012Sci...337..444S},
  adsnote = {Provided by the SAO/NASA Astrophysics Data System}
}

@ARTICLE{raghavan10,
       author = {{Raghavan}, Deepak and {McAlister}, Harold A. and {Henry}, Todd J. and
         {Latham}, David W. and {Marcy}, Geoffrey W. and {Mason}, Brian D. and
         {Gies}, Douglas R. and {White}, Russel J. and {ten Brummelaar}, Theo A.},
        title = "{A Survey of Stellar Families: Multiplicity of Solar-type Stars}",
      journal = {\apjs},
     keywords = {binaries: general, planetary systems, stars: solar-type, stars: statistics, surveys, Astrophysics - Solar and Stellar Astrophysics},
         year = "2010",
        month = "Sep",
       volume = {190},
       number = {1},
        pages = {1-42},
          doi = {10.1088/0067-0049/190/1/1},
archivePrefix = {arXiv},
       eprint = {1007.0414},
 primaryClass = {astro-ph.SR},
       adsurl = {https://ui.adsabs.harvard.edu/abs/2010ApJS..190....1R},
      adsnote = {Provided by the SAO/NASA Astrophysics Data System}
}

@ARTICLE{eldridge08,
   author = {{Eldridge}, J.~J. and {Izzard}, R.~G. and {Tout}, C.~A.},
    title = "{The effect of massive binaries on stellar populations and supernova progenitors}",
  journal = {\mnras},
archivePrefix = "arXiv",
   eprint = {0711.3079},
 keywords = {binaries: general , stars: evolution , supergiants , supernovae: general , stars: Wolf-Rayet},
     year = 2008,
    month = mar,
   volume = 384,
    pages = {1109-1118},
      doi = {10.1111/j.1365-2966.2007.12738.x},
   adsurl = {http://adsabs.harvard.edu/abs/2008MNRAS.384.1109E},
  adsnote = {Provided by the SAO/NASA Astrophysics Data System}
}

@ARTICLE{eldridge13,
   author = {{Eldridge}, J.~J. and {Fraser}, M. and {Smartt}, S.~J. and {Maund}, J.~R. and 
	{Crockett}, R.~M.},
    title = "{The death of massive stars - II. Observational constraints on the progenitors of Type Ibc supernovae}",
  journal = {\mnras},
archivePrefix = "arXiv",
   eprint = {1301.1975},
 primaryClass = "astro-ph.SR",
 keywords = {binaries: general, stars: evolution, supergiants, supernovae: general, stars: Wolf-Rayet},
     year = 2013,
    month = nov,
   volume = 436,
    pages = {774-795},
      doi = {10.1093/mnras/stt1612},
   adsurl = {http://adsabs.harvard.edu/abs/2013MNRAS.436..774E},
  adsnote = {Provided by the SAO/NASA Astrophysics Data System}
}

@ARTICLE{eldridge16,
       author = {{Eldridge}, J.~J. and {Stanway}, E.~R.},
        title = "{BPASS predictions for binary black hole mergers}",
      journal = {\mnras},
     keywords = {gravitational lensing: micro, gravitational waves, binaries: general, stars: evolution, Astrophysics - High Energy Astrophysical Phenomena, Astrophysics - Astrophysics of Galaxies, Astrophysics - Solar and Stellar Astrophysics},
         year = "2016",
        month = "Nov",
       volume = {462},
       number = {3},
        pages = {3302-3313},
          doi = {10.1093/mnras/stw1772},
archivePrefix = {arXiv},
       eprint = {1602.03790},
 primaryClass = {astro-ph.HE},
       adsurl = {https://ui.adsabs.harvard.edu/abs/2016MNRAS.462.3302E},
      adsnote = {Provided by the SAO/NASA Astrophysics Data System}
}

@article{170817,
  title = {GW170817: Observation of Gravitational Waves from a Binary Neutron Star Inspiral},
  author = {{Abbott}, B. P. and {Abbott}, R. and {Abbott}, T. D. and {et.~al.}},
  collaboration = {LIGO Scientific Collaboration and Virgo Collaboration},
  journal = {Phys. Rev. Lett.},
  volume = {119},
  issue = {16},
  pages = {161101},
  numpages = {18},
  year = {2017},
  month = {Oct},
  publisher = {American Physical Society},
  doi = {10.1103/PhysRevLett.119.161101},
  url = {https://link.aps.org/doi/10.1103/PhysRevLett.119.161101}
}

@ARTICLE{stanway18,
       author = {{Stanway}, E.~R. and {Eldridge}, J.~J.},
        title = "{Re-evaluating old stellar populations}",
      journal = {\mnras},
     keywords = {methods: numerical, binaries: general, galaxies: stellar content, globular clusters: general, Astrophysics - Astrophysics of Galaxies, Astrophysics - Solar and Stellar Astrophysics},
         year = "2018",
        month = "Sep",
       volume = {479},
       number = {1},
        pages = {75-93},
          doi = {10.1093/mnras/sty1353},
archivePrefix = {arXiv},
       eprint = {1805.08784},
 primaryClass = {astro-ph.GA},
       adsurl = {https://ui.adsabs.harvard.edu/abs/2018MNRAS.479...75S},
      adsnote = {Provided by the SAO/NASA Astrophysics Data System}
}

@ARTICLE{eldridge09,
       author = {{Eldridge}, John J. and {Stanway}, Elizabeth R.},
        title = "{Spectral population synthesis including massive binaries}",
      journal = {\mnras},
     keywords = {binaries: general, stars: evolution, stars: Wolf-Rayet, galaxies: starburst, galaxies: star clusters, galaxies: stellar content, Astrophysics - Cosmology and Nongalactic Astrophysics, Astrophysics - Solar and Stellar Astrophysics},
         year = "2009",
        month = "Dec",
       volume = {400},
       number = {2},
        pages = {1019-1028},
          doi = {10.1111/j.1365-2966.2009.15514.x},
archivePrefix = {arXiv},
       eprint = {0908.1386},
 primaryClass = {astro-ph.CO},
       adsurl = {https://ui.adsabs.harvard.edu/abs/2009MNRAS.400.1019E},
      adsnote = {Provided by the SAO/NASA Astrophysics Data System}
}

